@ARTICLE{Williamson2001,
AUTHOR= {Walliamson Zengyi, P, H},
TITLE= {A Comparison of Synthetic Reconstruction and Combinatorial Optimisation Approaches to the Creation of Small Area Microdata},
YEAR= {2001},
}

@ARTICLE{Wong1992,
AUTHOR= {Wong, D W S},
TITLE= {The reliability of using the iterative proportional fitting procedure},
YEAR= {1992},
}